% ********** Bibliography **********

% ****************************************
% Your bibliography should be stored here
% ****************************************

@BOOK{Led2004,
    AUTHOR       = "S. Deorowicz and A. Sk\'orczy\'nski",
    TITLE        = "LEd documentation",
    PUBLISHER    = "",
    YEAR         = "2004",
    VOLUME       = "",
    SERIES       = "",
    ADDRESS      = "",
    EDITION      = "",
    MONTH        = "",
    NOTE         = ""
}

@TECHREPORT{namespacepol03,
AUTHOR="Jessica L. Glace and Mark R. Crawford",
TITLE="Recommended XML Namespace for Government Organizations",
INSTITUTION="US Logistics Management Institute",
YEAR="2003",
NOTE="online at http://xml.gov/documents/completed/lmi/namespacePolicyDraft.htm"
}

@ARTICLE{Lowe04distinctiveimage,
    author = "David G. Lowe",
    title = "Distinctive Image Features from Scale-Invariant Keypoints",
    journal = "International Journal of Computer Vision",
    year = "2004",
    volume = "60",
    pages = "91--110"
}

@BOOK{httpdefguid02,
AUTHOR="David Gourley and Brian Totty and Marjorie Sayer and Sailu Reddy and Anshu Aggarwal",
TITLE="HTTP: The Definitive Guide",
PUBLISHER="O'Reilly",
YEAR="2002",
MONTH="September"
}

% ********** End of bibliography **********
